sorting=none
@article{world2018mental,
  title={Mental health atlas 2017.},
  author={World Health Organization and others},
  journal={Mental health atlas 2017.},
  year={2018},
  publisher={World Health Organization}
}

@article{james2018global,
  title={Global, regional, and national incidence, prevalence, and years lived with disability for 354 diseases and injuries for 195 countries and territories, 1990--2017: a systematic analysis for the Global Burden of Disease Study 2017},
  author={James, Spencer L and Abate, Degu and Abate, Kalkidan Hassen and Abay, Solomon M and Abbafati, Cristiana and Abbasi, Nooshin and Abbastabar, Hedayat and Abd-Allah, Foad and Abdela, Jemal and Abdelalim, Ahmed and others},
  journal={The Lancet},
  volume={392},
  number={10159},
  pages={1789--1858},
  year={2018},
  publisher={Elsevier}
}

@article{beck1961inventory,
  title={An inventory for measuring depression},
  author={Beck, Aaron T and Ward, Calvin H and Mendelson, Mock and Mock, Jeremiah and Erbaugh, John},
  journal={Archives of general psychiatry},
  volume={4},
  number={6},
  pages={561--571},
  year={1961},
  publisher={American Medical Association}
}

@article{parkitny2010depression,
  title={The depression anxiety stress scale (DASS)},
  author={Parkitny, Luke and McAuley, James},
  journal={J Physiother},
  volume={56},
  number={3},
  pages={204},
  year={2010}
}

@article{gosling2003very,
  title={A very brief measure of the Big-Five personality domains},
  author={Gosling, Samuel D and Rentfrow, Peter J and Swann Jr, William B},
  journal={Journal of Research in personality},
  volume={37},
  number={6},
  pages={504--528},
  year={2003},
  publisher={Elsevier}
}

@article{huang1998extensions,
  title={Extensions to the k-means algorithm for clustering large data sets with categorical values},
  author={Huang, Zhexue},
  journal={Data mining and knowledge discovery},
  volume={2},
  number={3},
  pages={283--304},
  year={1998},
  publisher={Springer}
}

@article{pages2002analyse,
  title={Analyse factorielle multiple appliqu{\'e}e aux variables qualitatives et aux donn{\'e}es mixtes},
  author={Pag{\`e}s, J{\'e}r{\^o}me},
  journal={Revue de statistique appliqu{\'e}e},
  volume={50},
  number={4},
  pages={5--37},
  year={2002},
  publisher={Soci{\'e}t{\'e} fran{\c{c}}aise de statistique}
}

@inproceedings{van2000performance,
  title={Performance criteria for graph clustering and Markov cluster experiments},
  author={Van Dongen, Stijn},
  booktitle={NATIONAL RESEARCH INSTITUTE FOR MATHEMATICS AND COMPUTER SCIENCE IN THE},
  year={2000},
  organization={Citeseer}
}

@article{hubert1985comparing,
  title={Comparing partitions},
  author={Hubert, Lawrence and Arabie, Phipps},
  journal={Journal of classification},
  volume={2},
  number={1},
  pages={193--218},
  year={1985},
  publisher={Springer}
}
